<?xml version="1.0" encoding="UTF-8"?><collection xmlns="http://www.loc.gov/MARC21/slim"><record><leader>00384nam--2200133-i-4500</leader><controlfield tag="001">000013909</controlfield><controlfield tag="002">20161230</controlfield><controlfield tag="005">20161230201030</controlfield><controlfield tag="008">060222s1000------------r-----000-0-eng-d</controlfield><datafield ind1=" " ind2=" " tag="100"><subfield code="a">Cavasino, Alfonso</subfield></datafield><datafield ind1=" " ind2=" " tag="245"><subfield code="a">Sulla frequenza delle repliche nel terremoto ligure del 23 febbruario, 1887</subfield></datafield><datafield ind1=" " ind2=" " tag="260"><subfield code="a">Modena, Societa Tipografica Mondenese, 1911</subfield></datafield><datafield ind1=" " ind2=" " tag="490"><subfield code="a">17 P</subfield></datafield><datafield ind1=" " ind2=" " tag="852"><subfield code="a">550.341(45)</subfield></datafield></record></collection>